@techreport{SBG2020,
address = {S{\~{a}}o Paulo, Brasil},
author = {Sakai, Juliana and Galdino, Manoel and Burg, Tamara},
file = {:Users/jefferson/Downloads/Referencial te{\'{o}}rico - IA Governo/Recomendacoes_Governanca_Uso_IA_PoderPublico.pdf:pdf},
institution = {Transpar{\^{e}}ncia Brasil},
mendeley-groups = {Gov-BR-e-IA},
title = {{Recomenda{\c{c}}{\~{o}}es de Governan{\c{c}}a: Uso de Intelig{\^{e}}ncia Artificial pelo poder p{\'{u}}blico}},
url = {https://www.transparencia.org.br/downloads/publicacoes/Recomendacoes_Governanca_Uso_IA_PoderPublico.pdf},
year = {2020}
}
@techreport{EC2020,
address = {Brussels},
institution = {European Comission},
mendeley-groups = {Gov-BR-e-IA},
pages = {27},
title = {{White Paper on Artificial Intelligence - A European approach to excellence and trust}},
url = {https://ec.europa.eu/info/sites/default/files/commission-white-paper-artificial-intelligence-feb2020_en.pdf},
year = {2020}
}
@book{Char06,
address = {London, UK},
author = {Charmaz, Kathy},
file = {:Users/jefferson/Library/Application Support/Mendeley Desktop/Downloaded/Charmaz - 2006 - Constructing Grounded Theory.pdf:pdf},
mendeley-groups = {thesis},
pages = {224},
publisher = {SAGE Publications},
title = {{Constructing Grounded Theory}},
year = {2006}
}
@techreport{Pew2018,
author = {Anderson, Janna and Rainie, Lee and Luchsinger, Alex},
institution = {Pew Research Center},
mendeley-groups = {Gov-BR-e-IA},
pages = {123},
title = {{Artificial Intelligence and the Future of Humans}},
url = {https://www.pewresearch.org/internet/wp-content/uploads/sites/9/2018/12/PI_2018.12.10_future-of-ai_FINAL1.pdf},
year = {2018}
}


